<record><leader>00000cas a22000007a 4500</leader><controlfield tag="001">13622064</controlfield><controlfield tag="008">860522d19081933paudn ne      0    0eng d</controlfield><datafield ind1=" " ind2=" " tag="010"><subfield code="a">sn 86081444 </subfield></datafield><datafield ind1=" " ind2=" " tag="040"><subfield code="a">NPH</subfield><subfield code="b">eng</subfield><subfield code="c">NPH</subfield><subfield code="d">OCLCQ</subfield></datafield><datafield ind1=" " ind2=" " tag="042"><subfield code="a">msc</subfield></datafield><datafield ind1="0" ind2="4" tag="245"><subfield code="a">The Shamokin dispatch.</subfield></datafield><datafield ind1=" " ind2=" " tag="260"><subfield code="a">Shamokin, Pa. :</subfield><subfield code="b">Leader Pub. Co.,</subfield><subfield code="c">-1933.</subfield></datafield><datafield ind1=" " ind2=" " tag="300"><subfield code="a">v. :</subfield><subfield code="b">ill. ;</subfield><subfield code="c">56 cm.</subfield></datafield><datafield ind1=" " ind2=" " tag="310"><subfield code="a">Daily (except Sunday)</subfield></datafield><datafield ind1="1" ind2=" " tag="362"><subfield code="a">Began in 1908?</subfield></datafield><datafield ind1="0" ind2=" " tag="362"><subfield code="a">-no. sr v. 46, no. 252 (Sept. 16, 1933).</subfield></datafield><datafield ind1=" " ind2=" " tag="588"><subfield code="a">Description based on: Twenty-second yr., no. 6658 (Oct. 9, 1908).</subfield></datafield><datafield ind1=" " ind2=" " tag="752"><subfield code="a">United States</subfield><subfield code="b">Pennsylvania</subfield><subfield code="c">Northumberland</subfield><subfield code="d">Shamokin.</subfield></datafield><datafield ind1="0" ind2="0" tag="780"><subfield code="t">Daily dispatch (Shamokin, Pa.)</subfield><subfield code="w">(DLC)sn 86081445</subfield></datafield><datafield ind1="0" ind2="7" tag="785"><subfield code="t">Shamokin daily news</subfield><subfield code="w">(DLC)sn 86081443</subfield></datafield><datafield ind1="0" ind2="7" tag="785"><subfield code="t">Shamokin news-dispatch</subfield><subfield code="w">(DLC)sn 86081442</subfield></datafield><datafield ind1="1" ind2=" " tag="029"><subfield code="a">AU@</subfield><subfield code="b">000023602710</subfield></datafield></record>